@misc{lipsum,
	author={Patrick Happel},
	title={lipsum â€“ Easy access to the Lorem Ipsum dummy text},
	url={https://ctan.org/pkg/lipsum?lang=en},
  year={2014}
}
