  @misc{RailExecutive14a,
author="{Department for Transport}",
title="{Rail Trends, Great Britain 2013/14}",
year="2014",
howpublished = "{Available:\\ \url{https://www.gov.uk/government/uploads/system/uploads/attachment_data/file/363718/rail-trends-factsheet-2014.pdf}}",
  note = "Online; accessed 10 July 2015"
}