@inproceedings{bhargavan2016practical,
	title={{On the Practical (In-) Security of 64-bit Block Ciphers: Collision Attacks on HTTP over TLS and OpenVPN}},
	author={Bhargavan, Karthikeyan and Leurent, Ga{\.e}tan},
	booktitle={ACM Conference on Computer and Communications Security. ACM},
	year={2016}
}


@article{bantin2010,
	title = {{Designing a secure data communications system for automatic train control}},
	author = {C. C. Bantin and J. Siu},
	journal = {Proceedings of the Institution of Mechanical Engineers, Part F: Journal of Rail and Rapid Transit},
	pages= {395--402},
	volume = 255,
	number = 4,
	publisher = {Sage Publications Limited},
	url={http://pif.sagepub.com/content/225/4/395},
}

@inbook{brualdi2010introductory,
  title={Introductory Combinatorics (5th ed.)},
  author={Brualdi, Richard A.},
  year={2010},
  publisher={Prenticeâ€“Hall},
  isbn={9780136020400}
}